<?xml version="1.0" encoding="UTF-8"?>
<?xml-stylesheet type="text/xsl" href="https://www.revistas.usp.br/lib/pkp/xml/oai2.xsl" ?>
<OAI-PMH xmlns="http://www.openarchives.org/OAI/2.0/" xmlns:xsi="http://www.w3.org/2001/XMLSchema-instance" xsi:schemaLocation="http://www.openarchives.org/OAI/2.0/ http://www.openarchives.org/OAI/2.0/OAI-PMH.xsd">
<responseDate>2023-08-07T14:50:39Z</responseDate>
<request verb="ListRecords" metadataPrefix="marcxml" set="actafisiatrica">https://www.revistas.usp.br/actafisiatrica/oai</request>
<ListRecords>
<record>
<header>
<identifier>oai:revistas.usp.br:article/205096</identifier>
<datestamp>2023-01-20T17:21:06Z</datestamp>
<setSpec>actafisiatrica:Resumos+Exp.</setSpec>
<setSpec>driver</setSpec>
</header>
<metadata>
<record xmlns="http://www.loc.gov/MARC21/slim" xmlns:xsi="http://www.w3.org/2001/XMLSchema-instance" xsi:schemaLocation="http://www.loc.gov/MARC21/slim http://www.loc.gov/standards/marcxml/schema/MARC21slim.xsd">
<leader>     nmb a2200000Iu 4500</leader>
<controlfield tag="008">"221130 2022                        eng  "</controlfield>
<datafield tag="022" ind1="#" ind2="#">
<subfield code="$a">2317-0190</subfield>
</datafield>
<datafield tag="022" ind1="#" ind2="#">
<subfield code="$a">0104-7795</subfield>
</datafield>
<datafield tag="042" ind1=" " ind2=" ">
<subfield code="a">dc</subfield>
</datafield>
<datafield tag="245" ind1="0" ind2="0">
<subfield code="a">Uso de dispositivo auxiliar respiratório, cânula de traqueostomia, em pacientes internados para reabilitação </subfield>
</datafield>  <datafield tag="720" ind1="1" ind2=" ">
<subfield code="a">Ribeiro, Thaís Cristine Cardoso</subfield>
<subfield code="u">Centro Estadual de Reabilitação e Readaptação Dr. Henrique Santillo</subfield></datafield>
<datafield tag="720" ind1="1" ind2=" ">
<subfield code="a">Borges, Kissy Rodrigues</subfield>
<subfield code="u">Centro Estadual de Reabilitação e Readaptação Dr. Henrique Santillo</subfield></datafield>
<datafield tag="720" ind1="1" ind2=" ">
<subfield code="a">Medeiros, Rodrigo Parente</subfield>
<subfield code="u">Centro Estadual de Reabilitação e Readaptação Dr. Henrique Santillo</subfield></datafield>
<datafield tag="720" ind1="1" ind2=" ">
<subfield code="a">Santos, Lethicia Silva</subfield>
<subfield code="u">Centro Estadual de Reabilitação e Readaptação Dr. Henrique Santillo</subfield></datafield>
<datafield tag="720" ind1="1" ind2=" ">
<subfield code="a">Dias, Wanderson Alves</subfield>
<subfield code="u">Centro Estadual de Reabilitação e Readaptação Dr. Henrique Santillo</subfield></datafield>
<datafield tag="520" ind1=" " ind2=" ">
<subfield code="a"> A traqueostomia deve ser realizada no paciente que não conseguiu realizar desmame do ventilador mecânico, servindo como alternativa para manter via aérea pérvia. Apesar de segura pode causar alterações na deglutição, dificuldade do manejo de saliva, risco de bronco-aspiração e estenose. </subfield>
</datafield>
<datafield tag="260" ind1=" " ind2=" ">
<subfield code="b">Faculdade de Medicina, Universidade de São Paulo</subfield>
</datafield>
<dataField tag="260" ind1=" " ind2=" ">
<subfield code="c">2022-11-30 16:49:33</subfield>
</dataField>   <datafield tag="856" ind1=" " ind2=" ">
<subfield code="q">application/pdf</subfield>
</datafield>
<datafield tag="856" ind1="4" ind2="0">
<subfield code="u">https://www.revistas.usp.br/actafisiatrica/article/view/205096</subfield>
</datafield>  <datafield tag="786" ind1="0" ind2=" ">
<subfield code="n">Acta Fisiátrica; v. 29 n. Supl.1 (2022)</subfield>
</datafield>  <datafield tag="546" ind1=" " ind2=" ">
<subfield code="a">por</subfield>
</datafield>   <datafield tag="540" ind1=" " ind2=" ">
<subfield code="a">Copyright (c) 2022 Acta Fisiátrica</subfield>
</datafield>
</record>
</metadata>
</record>