
<record>
<header>
<identifier>oai:revistas.usp.br:article/205125</identifier>
<datestamp>2023-01-20T17:21:06Z</datestamp>
<setSpec>actafisiatrica:Resumos+Exp.</setSpec>
<setSpec>driver</setSpec>
</header>
<metadata>
<record xmlns="http://www.loc.gov/MARC21/slim" xmlns:xsi="http://www.w3.org/2001/XMLSchema-instance" xsi:schemaLocation="http://www.loc.gov/MARC21/slim http://www.loc.gov/standards/marcxml/schema/MARC21slim.xsd">
<leader>     nmb a2200000Iu 4500</leader>
<controlfield tag="008">"221130 2022                        eng  "</controlfield>
<datafield tag="022" ind1="#" ind2="#">
<subfield code="$a">2317-0190</subfield>
</datafield>
<datafield tag="022" ind1="#" ind2="#">
<subfield code="$a">0104-7795</subfield>
</datafield>
<datafield tag="042" ind1=" " ind2=" ">
<subfield code="a">dc</subfield>
</datafield>
<datafield tag="245" ind1="0" ind2="0">
<subfield code="a">Terapia por ondas de choque no tratamento da Síndrome da Disfunção Miofascial: qual melhor protocolo?</subfield>
</datafield>  <datafield tag="720" ind1="1" ind2=" ">
<subfield code="a">Costa Junior, Carlos Antonio da</subfield>
<subfield code="u">Universidade Federal do Pará</subfield></datafield>
<datafield tag="720" ind1="1" ind2=" ">
<subfield code="a">Braun, Wellington Luiz Fagundes</subfield>
<subfield code="u">Plenus Clínica do Aparelho Locomotor</subfield></datafield>
<datafield tag="520" ind1=" " ind2=" ">
<subfield code="a"> Síndrome da disfunção miofascial (SDM) é uma síndrome musculoesquelética caracterizada por rigidez muscular, dor típica, surgimento de bandas tensas intramusculares, “twitch response” local e hiper-reatividade muscular. </subfield>
</datafield>
<datafield tag="260" ind1=" " ind2=" ">
<subfield code="b">Faculdade de Medicina, Universidade de São Paulo</subfield>
</datafield>
<dataField tag="260" ind1=" " ind2=" ">
<subfield code="c">2022-11-30 16:49:33</subfield>
</dataField>   <datafield tag="856" ind1=" " ind2=" ">
<subfield code="q">application/pdf</subfield>
</datafield>
<datafield tag="856" ind1="4" ind2="0">
<subfield code="u">https://www.revistas.usp.br/actafisiatrica/article/view/205125</subfield>
</datafield>  <datafield tag="786" ind1="0" ind2=" ">
<subfield code="n">Acta Fisiátrica; v. 29 n. Supl.1 (2022)</subfield>
</datafield>  <datafield tag="546" ind1=" " ind2=" ">
<subfield code="a">por</subfield>
</datafield>   <datafield tag="540" ind1=" " ind2=" ">
<subfield code="a">Copyright (c) 2022 Acta Fisiátrica</subfield>
</datafield>
</record>
</metadata>
</record>