
<record>
<header>
<identifier>oai:revistas.usp.br:article/206076</identifier>
<datestamp>2023-07-31T18:14:45Z</datestamp>
<setSpec>actafisiatrica:Art.+Rev.</setSpec>
<setSpec>driver</setSpec>
</header>
<metadata>
<record xmlns="http://www.loc.gov/MARC21/slim" xmlns:xsi="http://www.w3.org/2001/XMLSchema-instance" xsi:schemaLocation="http://www.loc.gov/MARC21/slim http://www.loc.gov/standards/marcxml/schema/MARC21slim.xsd">
<leader>     nmb a2200000Iu 4500</leader>
<controlfield tag="008">"230331 2023                        eng  "</controlfield>
<datafield tag="022" ind1="#" ind2="#">
<subfield code="$a">2317-0190</subfield>
</datafield>
<datafield tag="022" ind1="#" ind2="#">
<subfield code="$a">0104-7795</subfield>
</datafield>
<datafield tag="042" ind1=" " ind2=" ">
<subfield code="a">dc</subfield>
</datafield>
<datafield tag="245" ind1="0" ind2="0">
<subfield code="a">Termoterapia associada com treinamento de flexibilidade não aprimora a amplitude de movimento de joelhos em adultos saudáveis: revisão sistemática de ensaios clínicos randomizados com meta-análise</subfield>
</datafield>  <datafield tag="720" ind1="1" ind2=" ">
<subfield code="a">Ferreira, Luis Fernando</subfield>
<subfield code="u">Universidade Federal de Ciências da Saúde de Porto Alegre</subfield></datafield>
<datafield tag="720" ind1="1" ind2=" ">
<subfield code="a">Oliveira, Arielle Rosa de</subfield>
<subfield code="u">Universidade Federal de Ciências da Saúde de Porto Alegre</subfield><subfield code="0">https://orcid.org/0000-0003-3148-9235</subfield></datafield>
<datafield tag="720" ind1="1" ind2=" ">
<subfield code="a">Rosa, Luis Henrique Telles da</subfield>
<subfield code="u">Universidade Federal de Ciências da Saúde de Porto Alegre</subfield><subfield code="0">https://orcid.org/0000-0002-4807-7176</subfield></datafield>
<datafield tag="520" ind1=" " ind2=" ">
<subfield code="a"> The stretching with thermotherapies associated have been related in the literature as a way to increase the range of motion (ROM), but still are not consensus about this efficacy and cost-effectiveness. The muscle stretching is a useful technique in rehabilitation and in physical activities programs, either to gain or maintain the flexibility, as a recovery of musculoskeletal and joint injuries. Objective: To determine the effects of thermotherapies associated to flexibility training in ROM of knee extension in healthy adults. Method: The search strategy was conducted in main databases, as Cochrane Library, LILACS, PEDro, PUBMED/ Medline, Scopus and Web of Science. The searches were done in 2016, and renewed in 2023, in order to achieve new publications along this time. Were selected only randomized clinical trials that have executed a training of hamstrings stretching, associated or not with one or more thermotherapies in healthy young adults, as long as the outcome was knee extension ROM. Only papers in Portuguese or English were assessed. To evaluate risk of bias was used the Cochrane Collaboration’s Risk of Bias Tool, and the methodological quality assessment was rated following the PEDro Scale. Results: Eight articles were included, totalizing 260 participants. The papers showed low methodological quality, and uncertain risk of bias. Only chronic effect of local warming and cryotherapy plus stretching showed a statistically significant difference versus control group. However, the thermotherapy action associated with stretching is still unclear, once the results suggest that even without the thermotherapy there are ROM increases. Conclusion: The stretching is effective in knee extension ROM improvement in healthy adults, with or without thermotherapy. New studies with higher methodological rigor and standardized protocols are needed. </subfield>
</datafield>
<datafield tag="260" ind1=" " ind2=" ">
<subfield code="b">Faculdade de Medicina, Universidade de São Paulo</subfield>
</datafield>
<dataField tag="260" ind1=" " ind2=" ">
<subfield code="c">2023-03-31 00:00:00</subfield>
</dataField>   <datafield tag="856" ind1=" " ind2=" ">
<subfield code="q">application/pdf</subfield>
</datafield>
<datafield tag="856" ind1="4" ind2="0">
<subfield code="u">https://www.revistas.usp.br/actafisiatrica/article/view/206076</subfield>
</datafield>  <datafield tag="786" ind1="0" ind2=" ">
<subfield code="n">Acta Fisiátrica; v. 30 n. 1 (2023)</subfield>
</datafield>  <datafield tag="546" ind1=" " ind2=" ">
<subfield code="a">eng</subfield>
</datafield>   <datafield tag="540" ind1=" " ind2=" ">
<subfield code="a">Copyright (c) 2023 Acta Fisiátrica</subfield>
</datafield>
</record>
</metadata>
</record>