
<record>
<header>
<identifier>oai:revistas.usp.br:article/206648</identifier>
<datestamp>2023-07-31T18:14:45Z</datestamp>
<setSpec>actafisiatrica:Art.+Orig.</setSpec>
<setSpec>driver</setSpec>
</header>
<metadata>
<record xmlns="http://www.loc.gov/MARC21/slim" xmlns:xsi="http://www.w3.org/2001/XMLSchema-instance" xsi:schemaLocation="http://www.loc.gov/MARC21/slim http://www.loc.gov/standards/marcxml/schema/MARC21slim.xsd">
<leader>     nmb a2200000Iu 4500</leader>
<controlfield tag="008">"230331 2023                        eng  "</controlfield>
<datafield tag="022" ind1="#" ind2="#">
<subfield code="$a">2317-0190</subfield>
</datafield>
<datafield tag="022" ind1="#" ind2="#">
<subfield code="$a">0104-7795</subfield>
</datafield>
<datafield tag="042" ind1=" " ind2=" ">
<subfield code="a">dc</subfield>
</datafield>
<datafield tag="245" ind1="0" ind2="0">
<subfield code="a">Estudo dos determinantes dos custos no atendimento dos pacientes com lesão medular decorrente de trauma raquimedular</subfield>
</datafield>  <datafield tag="720" ind1="1" ind2=" ">
<subfield code="a">Riberto, Marcelo</subfield>
<subfield code="u">Faculdade de Medicina de Ribeirão Preto da Universidade de São Paulo</subfield></datafield>
<datafield tag="720" ind1="1" ind2=" ">
<subfield code="a">Alves, Liceana Barbosa de Pádua </subfield>
<subfield code="u">Hospital das Clínicas da Faculdade de Medicina de Ribeirão Preto da Universidade de São Paulo</subfield></datafield>
<datafield tag="720" ind1="1" ind2=" ">
<subfield code="a">Honorato, Deborah Ligia Palma</subfield>
<subfield code="u">Hospital das Clínicas da Faculdade de Medicina de Ribeirão Preto da Universidade de São Paulo</subfield></datafield>
<datafield tag="720" ind1="1" ind2=" ">
<subfield code="a">Galliano, Fabio Therezo</subfield>
<subfield code="u">Faculdade de Medicina de Ribeirão Preto da Universidade de São Paulo</subfield></datafield>
<datafield tag="720" ind1="1" ind2=" ">
<subfield code="a">Albuquerque, Tales Vieira Cavalcanti</subfield>
<subfield code="u">Faculdade de Medicina de Ribeirão Preto da Universidade de São Paulo</subfield></datafield>
<datafield tag="720" ind1="1" ind2=" ">
<subfield code="a">Herrero, Carlos Fernando Pereira da Silva</subfield>
<subfield code="u">Faculdade de Medicina de Ribeirão Preto da Universidade de São Paulo</subfield></datafield>
<datafield tag="520" ind1=" " ind2=" ">
<subfield code="a"> O trauma raquimedular (TRM) é a principal etiologia relacionada à lesão medular em homens jovens. Em decorrência da complexidade ao atendimento desses pacientes e às suas complicações, os custos envolvidos nesses casos são vultosos. Objetivo: Avaliar os custos associados ao atendimento hospitalar e ambulatorial dos pacientes com lesão medular traumática num serviço universitário. Métodos: Este estudo baseou-se na revisão de informações clínicas sobre a lesão medular e suas complicações, bem como a busca de valores relacionados ao atendimento no período hospitalar e ambulatorial de indivíduos com lesão medular traumática num serviço universitário em 2009. Resultados: Foram contabilizados 51 pacientes com trauma na coluna vertebral, dos quais 14 apresentaram TRM (idade= 38,9 ± 20,8; homens: 86%). Os custos do atendimento foram R$402.908,68 na ausência de lesão medular e R$304.433,77 com lesão medular. Os custos do atendimento estiveram relacionados com o tempo de internação, o número de intercorrências clínicas e procedimentos cirúrgicos. A reabilitação correspondeu a 23% dos custos dos pacientes com TRM. Conclusão: Os custos relacionados ao atendimento do paciente com TRM são maiores que aqueles associados ao trauma de coluna sem lesão neurológica. O número de complicações clínicas correlaciona-se diretamente ao tempo de internação e os custos desse atendimento. A reabilitação corresponde a menor parte das despesas no cuidado aos pacientes com TRM. </subfield>
</datafield>
<datafield tag="260" ind1=" " ind2=" ">
<subfield code="b">Faculdade de Medicina, Universidade de São Paulo</subfield>
</datafield>
<dataField tag="260" ind1=" " ind2=" ">
<subfield code="c">2023-03-31 00:00:00</subfield>
</dataField>   <datafield tag="856" ind1=" " ind2=" ">
<subfield code="q">application/pdf</subfield>
</datafield>
<datafield tag="856" ind1=" " ind2=" ">
<subfield code="q">application/pdf</subfield>
</datafield>
<datafield tag="856" ind1="4" ind2="0">
<subfield code="u">https://www.revistas.usp.br/actafisiatrica/article/view/206648</subfield>
</datafield>  <datafield tag="786" ind1="0" ind2=" ">
<subfield code="n">Acta Fisiátrica; v. 30 n. 1 (2023)</subfield>
</datafield>  <datafield tag="546" ind1=" " ind2=" ">
<subfield code="a">por</subfield>
</datafield>   <datafield tag="540" ind1=" " ind2=" ">
<subfield code="a">Copyright (c) 2023 Acta Fisiátrica</subfield>
</datafield>
</record>
</metadata>
</record>