
<record>
<header>
<identifier>oai:revistas.usp.br:article/208192</identifier>
<datestamp>2023-08-01T18:35:06Z</datestamp>
<setSpec>actafisiatrica:Art.+Orig.</setSpec>
<setSpec>driver</setSpec>
</header>
<metadata>
<record xmlns="http://www.loc.gov/MARC21/slim" xmlns:xsi="http://www.w3.org/2001/XMLSchema-instance" xsi:schemaLocation="http://www.loc.gov/MARC21/slim http://www.loc.gov/standards/marcxml/schema/MARC21slim.xsd">
<leader>     nmb a2200000Iu 4500</leader>
<controlfield tag="008">"230630 2023                        eng  "</controlfield>
<datafield tag="022" ind1="#" ind2="#">
<subfield code="$a">2317-0190</subfield>
</datafield>
<datafield tag="022" ind1="#" ind2="#">
<subfield code="$a">0104-7795</subfield>
</datafield>
<datafield tag="042" ind1=" " ind2=" ">
<subfield code="a">dc</subfield>
</datafield>
<datafield tag="245" ind1="0" ind2="0">
<subfield code="a">Teste de fadiga de preensão manual usando contrações dinâmicas em crianças típicas</subfield>
</datafield>  <datafield tag="720" ind1="1" ind2=" ">
<subfield code="a">Martins, Emanuela Juvenal</subfield>
<subfield code="u">Faculdade de Medicina de Ribeirão Preto da Universidade de São Paulo</subfield><subfield code="0">https://orcid.org/0000-0002-0400-0767</subfield></datafield>
<datafield tag="720" ind1="1" ind2=" ">
<subfield code="a">Franco, Camila Scarpino Barboza</subfield>
<subfield code="u">Faculdade de Medicina de Ribeirão Preto da Universidade de São Paulo</subfield><subfield code="0">https://orcid.org/0000-0002-3192-026X</subfield></datafield>
<datafield tag="720" ind1="1" ind2=" ">
<subfield code="a">Zaparoli, Lara</subfield>
<subfield code="u">Faculdade de Medicina de Ribeirão Preto da Universidade de São Paulo</subfield></datafield>
<datafield tag="720" ind1="1" ind2=" ">
<subfield code="a">Ravanelli, Leticia Sanches</subfield>
<subfield code="u">Faculdade de Medicina de Ribeirão Preto da Universidade de São Paulo</subfield></datafield>
<datafield tag="720" ind1="1" ind2=" ">
<subfield code="a">Camargo, Maira Verardino de </subfield>
<subfield code="u">Faculdade de Medicina de Ribeirão Preto da Universidade de São Paulo</subfield></datafield>
<datafield tag="720" ind1="1" ind2=" ">
<subfield code="a">Mattiello-Sverzut, Ana Cláudia</subfield>
<subfield code="u">Faculdade de Medicina de Ribeirão Preto da Universidade de São Paulo</subfield><subfield code="0">https://orcid.org/0000-0002-4181-0718</subfield></datafield>
<datafield tag="520" ind1=" " ind2=" ">
<subfield code="a"> Objective: To verify the development of fatigue and sex-influence on the handgrip during dynamic contractions in typical children. Methods: Cross-section study. Fifty-eight children, distributed into two groups according to sex (30 boys), aged 8 to 12 years, of both sexes, performed successive dynamic contractions with a bulb dynamometer until they reached maximum perceived effort. The values from the first, the last contractions of the fatigue test, and the measure after 30-s of the last contraction (recovery contraction) were recorded and compared using the linear regression model with mixed effects. T-Student test was used to compare the perceived effort scores and time-to-fatigue between groups. Results: The handgrip values significantly decreased, and perceived effort scores significantly increased in the final measure in relation to the initial measure of the fatigue test. After the fatigue handgrip test, 30-sec of recovery was insufficient to restore the baseline handgrip values. There were no differences between the female and male groups for all variables. Conclusion: The handgrip fatigue test using dynamic contractions showed it efficiently induces motor and perceived fatigue in children, without differences between sexes. </subfield>
</datafield>
<datafield tag="260" ind1=" " ind2=" ">
<subfield code="b">Faculdade de Medicina, Universidade de São Paulo</subfield>
</datafield>
<dataField tag="260" ind1=" " ind2=" ">
<subfield code="c">2023-06-30 00:00:00</subfield>
</dataField>   <datafield tag="856" ind1=" " ind2=" ">
<subfield code="q">application/pdf</subfield>
</datafield>
<datafield tag="856" ind1="4" ind2="0">
<subfield code="u">https://www.revistas.usp.br/actafisiatrica/article/view/208192</subfield>
</datafield>  <datafield tag="786" ind1="0" ind2=" ">
<subfield code="n">Acta Fisiátrica; v. 30 n. 2 (2023)</subfield>
</datafield>  <datafield tag="546" ind1=" " ind2=" ">
<subfield code="a">eng</subfield>
</datafield>   <datafield tag="540" ind1=" " ind2=" ">
<subfield code="a">Copyright (c) 2023 Acta Fisiátrica</subfield>
</datafield>
</record>
</metadata>
</record>