
<record>
<header>
<identifier>oai:revistas.usp.br:article/209429</identifier>
<datestamp>2023-08-01T18:35:06Z</datestamp>
<setSpec>actafisiatrica:Art.+Orig.</setSpec>
<setSpec>driver</setSpec>
</header>
<metadata>
<record xmlns="http://www.loc.gov/MARC21/slim" xmlns:xsi="http://www.w3.org/2001/XMLSchema-instance" xsi:schemaLocation="http://www.loc.gov/MARC21/slim http://www.loc.gov/standards/marcxml/schema/MARC21slim.xsd">
<leader>     nmb a2200000Iu 4500</leader>
<controlfield tag="008">"230630 2023                        eng  "</controlfield>
<datafield tag="022" ind1="#" ind2="#">
<subfield code="$a">2317-0190</subfield>
</datafield>
<datafield tag="022" ind1="#" ind2="#">
<subfield code="$a">0104-7795</subfield>
</datafield>
<datafield tag="042" ind1=" " ind2=" ">
<subfield code="a">dc</subfield>
</datafield>
<datafield tag="245" ind1="0" ind2="0">
<subfield code="a">A influência dos pontos-gatilho latente na lombalgia aguda: um estudo prospectivo longitudinal</subfield>
</datafield>  <datafield tag="720" ind1="1" ind2=" ">
<subfield code="a">Added, Marco Aurélio Nemitalla</subfield>
<subfield code="u">Irmandade da Santa Casa de Misericórdia de São Paulo</subfield></datafield>
<datafield tag="720" ind1="1" ind2=" ">
<subfield code="a">Freitas, Diego Galace de</subfield>
<subfield code="u">Irmandade da Santa Casa de Misericórdia de São Paulo</subfield></datafield>
<datafield tag="720" ind1="1" ind2=" ">
<subfield code="a">Added, Caroline</subfield>
<subfield code="u">Irmandade da Santa Casa de Misericórdia de São Paulo</subfield></datafield>
<datafield tag="720" ind1="1" ind2=" ">
<subfield code="a">Cazarini Junior, Claudio</subfield>
<subfield code="u">Irmandade da Santa Casa de Misericórdia de São Paulo</subfield></datafield>
<datafield tag="720" ind1="1" ind2=" ">
<subfield code="a">Fucs, Patrícia Maria de Moraes Barros</subfield>
<subfield code="u">Irmandade da Santa Casa de Misericórdia de São Paulo</subfield></datafield>
<datafield tag="520" ind1=" " ind2=" ">
<subfield code="a"> Pontos-gatilho são nódulos musculares que podem desenvolver dor. A dor lombar é um importante problema de saúde pública e estudos apontam que todas as pessoas que sofrem de dor na coluna apresentam ponto-gatilho. Objetivo: Analisar o nível dor de pacientes com dor lombar aguda que quando assintomáticos apresentava pontos-gatilho latente, comparado com os níveis de dor de pacientes com dor lombar aguda que quando assintomáticos não apresentava pontos-gatilho. Método: 96 indivíduos de ambos os sexos entre 18 - 60 anos participaram de um estudo transversal com avaliador cego. Foram analisados o nível de dor, função, atividade física, cinesiofobia, algometria e mensurada a força do músculo glúteo máximo e médio do membro dominante e não-dominante, no memento que os participantes estavam assintomáticos e após desenvolverem dor lombar aguda. Para análise estatística consideramos valores de significância igual ou menor que 0,05. Resultados: Foi observado diferenças significativas entre os grupos na intensidade da dor (p= 0,01), na funcionalidade (p= 0,02), na algometria (p= 0,00), na dinamometria do músculo glúteo máximo do membro não-dominante (p= 0,05) e da dinamometria do glúteo médio do membro dominante (p= 0,01) e não-dominante (p= 0,00). Conclusão: Indivíduos assintomáticos com pontos-gatilho latente nos músculos paravertebrais lombares apresentam pior intensidade da dor e outros desfechos quando evoluem dor lombar aguda, comparados com indivíduos que não apresentam pontos-gatilho no momento que estão assintomáticos.  </subfield>
</datafield>
<datafield tag="260" ind1=" " ind2=" ">
<subfield code="b">Faculdade de Medicina, Universidade de São Paulo</subfield>
</datafield>
<dataField tag="260" ind1=" " ind2=" ">
<subfield code="c">2023-06-30 00:00:00</subfield>
</dataField>   <datafield tag="856" ind1=" " ind2=" ">
<subfield code="q">application/pdf</subfield>
</datafield>
<datafield tag="856" ind1="4" ind2="0">
<subfield code="u">https://www.revistas.usp.br/actafisiatrica/article/view/209429</subfield>
</datafield>  <datafield tag="786" ind1="0" ind2=" ">
<subfield code="n">Acta Fisiátrica; v. 30 n. 2 (2023)</subfield>
</datafield>  <datafield tag="546" ind1=" " ind2=" ">
<subfield code="a">por</subfield>
</datafield>   <datafield tag="540" ind1=" " ind2=" ">
<subfield code="a">Copyright (c) 2023 Acta Fisiátrica</subfield>
</datafield>
</record>
</metadata>
</record>