
<record>
<header>
<identifier>oai:revistas.usp.br:article/209489</identifier>
<datestamp>2023-07-31T18:14:45Z</datestamp>
<setSpec>actafisiatrica:Tend.+Refle.</setSpec>
<setSpec>driver</setSpec>
</header>
<metadata>
<record xmlns="http://www.loc.gov/MARC21/slim" xmlns:xsi="http://www.w3.org/2001/XMLSchema-instance" xsi:schemaLocation="http://www.loc.gov/MARC21/slim http://www.loc.gov/standards/marcxml/schema/MARC21slim.xsd">
<leader>     nmb a2200000Iu 4500</leader>
<controlfield tag="008">"230331 2023                        eng  "</controlfield>
<datafield tag="022" ind1="#" ind2="#">
<subfield code="$a">2317-0190</subfield>
</datafield>
<datafield tag="022" ind1="#" ind2="#">
<subfield code="$a">0104-7795</subfield>
</datafield>
<datafield tag="042" ind1=" " ind2=" ">
<subfield code="a">dc</subfield>
</datafield>
<datafield tag="245" ind1="0" ind2="0">
<subfield code="a">Estimulação cerebral por pulsos sonoros de baixa frequência como coadjuvante nas alterações das funções corticais superiores</subfield>
</datafield>  <datafield tag="720" ind1="1" ind2=" ">
<subfield code="a">Sandler, Paulo Cesar</subfield>
<subfield code="u">Instituto de Medicina Física e Reabilitação, Hospital das Clínicas, Faculdade de Medicina, Universidade de São Paulo</subfield><subfield code="0">https://orcid.org/0000-0003-0519-2913</subfield></datafield>
<datafield tag="720" ind1="1" ind2=" ">
<subfield code="a">Shinzato, Gilson Tanaka</subfield>
<subfield code="u">Instituto de Medicina Física e Reabilitação, Hospital das Clínicas, Faculdade de Medicina, Universidade de São Paulo</subfield><subfield code="0">https://orcid.org/0000-0002-1462-7096</subfield></datafield>
<datafield tag="720" ind1="1" ind2=" ">
<subfield code="a">Battistella, Linamara Rizzo</subfield>
<subfield code="u">Departamento de Medicina Legal, Bioética, Medicina do Trabalho e Medicina Física e Reabilitação, Faculdade de Medicina, Universidade de São Paulo</subfield><subfield code="0">https://orcid.org/0000-0001-5275-0733</subfield></datafield>
<datafield tag="520" ind1=" " ind2=" ">
<subfield code="a"> Não há dúvidas sobre os prejuízos na vida humana, extensivos à família e sociedade como um todo, abrangendo todos os aspectos funcionais das pessoas envolvidas, além do indivíduo, originados dos traumatismos cranioencefálico, agudos e crônicos, externos ou internos: acidentes, atropelamentos, quedas, crimes, acidente vascular cerebral, doenças com neurodegeneração progressiva, resultando em estados demenciais. No que se refere aos quadros crônicos, enfrentamos dificuldades diagnósticas, pela persistente impossibilidade, quase que total, de dispormos de exames subsidiários que tiveram notável progresso tecnológico nos últimos vinte e cinco anos, a exemplo dos exames através de imagens funcionais. </subfield>
</datafield>
<datafield tag="260" ind1=" " ind2=" ">
<subfield code="b">Faculdade de Medicina, Universidade de São Paulo</subfield>
</datafield>
<dataField tag="260" ind1=" " ind2=" ">
<subfield code="c">2023-03-31 00:00:00</subfield>
</dataField>   <datafield tag="856" ind1=" " ind2=" ">
<subfield code="q">application/pdf</subfield>
</datafield>
<datafield tag="856" ind1="4" ind2="0">
<subfield code="u">https://www.revistas.usp.br/actafisiatrica/article/view/209489</subfield>
</datafield>  <datafield tag="786" ind1="0" ind2=" ">
<subfield code="n">Acta Fisiátrica; v. 30 n. 1 (2023)</subfield>
</datafield>  <datafield tag="546" ind1=" " ind2=" ">
<subfield code="a">por</subfield>
</datafield>   <datafield tag="540" ind1=" " ind2=" ">
<subfield code="a">Copyright (c) 2023 Acta Fisiátrica</subfield>
</datafield>
</record>
</metadata>
</record>