
<record>
<header>
<identifier>oai:revistas.usp.br:article/210230</identifier>
<datestamp>2023-08-01T18:35:06Z</datestamp>
<setSpec>actafisiatrica:Art.+Orig.</setSpec>
<setSpec>driver</setSpec>
</header>
<metadata>
<record xmlns="http://www.loc.gov/MARC21/slim" xmlns:xsi="http://www.w3.org/2001/XMLSchema-instance" xsi:schemaLocation="http://www.loc.gov/MARC21/slim http://www.loc.gov/standards/marcxml/schema/MARC21slim.xsd">
<leader>     nmb a2200000Iu 4500</leader>
<controlfield tag="008">"230630 2023                        eng  "</controlfield>
<datafield tag="022" ind1="#" ind2="#">
<subfield code="$a">2317-0190</subfield>
</datafield>
<datafield tag="022" ind1="#" ind2="#">
<subfield code="$a">0104-7795</subfield>
</datafield>
<datafield tag="042" ind1=" " ind2=" ">
<subfield code="a">dc</subfield>
</datafield>
<datafield tag="245" ind1="0" ind2="0">
<subfield code="a">Independência funcional de pacientes com síndrome de Guillain-Barré internados para reabilitação </subfield>
</datafield>  <datafield tag="720" ind1="1" ind2=" ">
<subfield code="a">Meira, Laura Cristina de Souza</subfield>
<subfield code="u">Pontifícia Universidade Católica de Goiás</subfield></datafield>
<datafield tag="720" ind1="1" ind2=" ">
<subfield code="a">Magalhães, Maria Eduarda Santos</subfield>
<subfield code="u">Universidade Estadual de Goiás</subfield><subfield code="0">https://orcid.org/0009-0004-1093-8956</subfield></datafield>
<datafield tag="720" ind1="1" ind2=" ">
<subfield code="a">Silva, Francine Aguilera Rodrigues da</subfield>
<subfield code="u">Pontifícia Universidade Católica de Goiás</subfield><subfield code="0">https://orcid.org/0000-0003-1368-7924</subfield></datafield>
<datafield tag="720" ind1="1" ind2=" ">
<subfield code="a">Prudente, Cejane Oliveira Martins</subfield>
<subfield code="u">Pontifícia Universidade Católica de Goiás </subfield><subfield code="0">https://orcid.org/0000-0001-6499-3011</subfield></datafield>
<datafield tag="520" ind1=" " ind2=" ">
<subfield code="a"> Objetivo: Analisar a evolução da independência funcional de pacientes com Síndrome de Guillain-Barré (SGB) internados para reabilitação. Método: Estudo retrospectivo e longitudinal. Foram analisados prontuários de pacientes com diagnóstico de SGB internados para reabilitação, de janeiro de 2015 a março de 2020, que possuíam a Medida de Independência Funcional (MIF) na admissão e alta hospitalar devidamente preenchida, sem distinção de idade. A comparação da MIF antes e depois da internação para reabilitação foi feita por meio do teste t de Student e McNemar. Resultados: A amostra foi composta por 26 pacientes, com média de idade de 41,96 ± 19,67 anos. Os participantes tinham em média 66,07 ± 69,56 dias entre os primeiros sintomas e a admissão para internação para reabilitação. O tempo médio de internação foi de 38,96± 28,36 dias. Houve diferença significativa entre as médias das pontuações, na admissão e alta, nos domínios motor (37,58 - 59,62; p&lt;0,001) e cognitivo (23,19 - 33,35; p&lt;0,001) e escore total da MIF (60,77 - 92,96; p&lt;0,001). Observou-se também aumento do número de pacientes com independência completa após internação para reabilitação (2 - 15; p&lt;0,001). Conclusão: Pacientes com SGB internados para reabilitação apresentam melhora da independência funcional. É importante acesso a esta modalidade terapêutica multiprofissional aos pacientes com SGB. </subfield>
</datafield>
<datafield tag="260" ind1=" " ind2=" ">
<subfield code="b">Faculdade de Medicina, Universidade de São Paulo</subfield>
</datafield>
<dataField tag="260" ind1=" " ind2=" ">
<subfield code="c">2023-06-30 00:00:00</subfield>
</dataField>   <datafield tag="856" ind1=" " ind2=" ">
<subfield code="q">application/pdf</subfield>
</datafield>
<datafield tag="856" ind1="4" ind2="0">
<subfield code="u">https://www.revistas.usp.br/actafisiatrica/article/view/210230</subfield>
</datafield>  <datafield tag="786" ind1="0" ind2=" ">
<subfield code="n">Acta Fisiátrica; v. 30 n. 2 (2023)</subfield>
</datafield>  <datafield tag="546" ind1=" " ind2=" ">
<subfield code="a">por</subfield>
</datafield>   <datafield tag="540" ind1=" " ind2=" ">
<subfield code="a">Copyright (c) 2023 Acta Fisiátrica</subfield>
</datafield>
</record>
</metadata>
</record>
<resumptionToken completeListSize="935" cursor="925" />
</ListRecords>
</OAI-PMH> 